@misc{plantix,
  author       = {Plantix},
  title        = {Plantix - A plataforma digital para a agricultura inteligente},
  year         = {2024},
  url          = {https://www.plantix.net},
  note         = {Acesso em: 10 nov. 2024},
}

@misc{plantsnap,
  author       = {PlantSnap},
  title        = {PlantSnap - Identificação de plantas com inteligência artificial},
  year         = {2024},
  url          = {https://www.plantsnap.com},
  note         = {Acesso em: 17 nov. 2024},
}

@misc{plantnet,
  author       = {PlantNet},
  title        = {PlantNet - Identificação de plantas com inteligência artificial},
  year         = {2024},
  url          = {https://identify.plantnet.org},
  note         = {Acesso em: 17 nov. 2024},
}

@article{viana2023diagnostico,
  title={Diagn{\'o}stico de doen{\c{c}}as em tomateiros com Deep Learning.},
  author={Viana, Ramon Fernandes},
  url = {https://monografias.ufop.br/bitstream/35400000/6074/8/MONOGRAFIA_DiagnósticoDoençasTomateiros.pdf},
  year={2023}
}

@article{da2022gestao,
  title={Gest{\~a}o no meio agr{\'\i}cola com o apoio da Intelig{\^e}ncia Artificial: uma an{\'a}lise da digitaliza{\c{c}}{\~a}o da agricultura},
  author={da Costa Borba, Marcelo and Ramos, Josefa Edileide Santos and Ramborger, Bibiana Melo and Marques, Eluardo Oliveira and Machado, Jo{\~a}o Armando Dessimon},
  journal={Revista em Agronegocio e Meio Ambiente},
  volume={15},
  number={3},
  pages={1--22},
  year={2022}
}

@article{mendes2022inteligencia,
  title={Intelig{\^e}ncia Artificial na agricultura},
  author={Mendes-Moreira, Jo{\~a}o and Ferreira, Carlos Abreu and Dias, Duarte},
  journal={INESC TEC Science\&Society},
  volume={1},
  number={4},
  year={2022}
}

@article{tanaka2024aplicaccao,
  title={Aplica{\c{c}}{\~a}o da intelig{\^e}ncia artificial no agroneg{\'o}cio utilizando Deep Learning para identifica{\c{c}}{\~a}o de doen{\c{c}}as em culturas},
  author={Tanaka, Sergio Kenji Sawasaki and Pereira, Eron Ponce and Coleto, Bruno Henrique and Tanaka, Sergio Akio},
  journal={Revista Terra \& Cultura: Cadernos de Ensino e Pesquisa},
  volume={40},
  number={especial},
  pages={23--31},
  year={2024}
}

@misc{IBGE2024,
  author       = {{Instituto Brasileiro de Geografia e Estatística (IBGE)}},
  title        = {Produção Agrícola Municipal: Culturas Temporárias e Permanentes},
  year         = {2024},
  url          = {https://www.ibge.gov.br/estatisticas/economicas/agricultura-e-pecuaria/9117-producao-agricola-municipal-culturas-temporarias-e-permanentes.html},
  note         = {Acesso em: 10 nov. 2024}
}
@Comment{jabref-meta: databaseType:biblatex;}
